% example .bib file from
% http://www.math.duke.edu/computing/tex/templates/database.bib

@conference{Ful83,
   author = "William Fulton",
    title = "Introduction to intersection theory in algebraic geometry",
booktitle = "Regional Conference Series in Mathematics",
   number = 54,
     year = 1983}
     
@inproceedings{GMP81,
   author = "Mark Goresky and Robert MacPherson",
    title = "On the topology of complex algebraic maps",
booktitle = "Algebraic Geometry Proceedings, La R\'abida,
             Lecture Notes in Mathematics",
   number = 961,
     year = 1981}    
     
@phdthesis{Pat85,
  author = "V. Pati",
   title = "What is the title??",
  school = "Princeton",
    year = 1985}
         
@unpublished{PP98,
  author = "Adam Parusi\'nski and Piotr Pragacz",
   title = "Characteristic classes of hypersurfaces and characteristic cycles",
    note = "preprint",
   month = "January",
    year = 1998}

@article{TM83,
  author = "L\^e D{\~u}ng Trang and Zoghman Mebkhout",
   title = "Vari\'et\'es caract\'er\-istiques et vari\'et\'es polaires",
 journal = "C. R. Acad. Sc. Paris",
  volume = 296,
    year = 1983,
   pages = "129--132"}

%%%%%%%%%%%%%%%%%%%%%%%%%%%%%%%%%%%%%%%%%%%%%%%%%%%%%%%%%%%%%%%%%%%%%%%%%%%%%%%%%%%%%%%%%%%%
% Contexto Social

@online{AmnestyInternational-Mexico-2023,
  author = {{Amnesty International}},
  title = {Reporte sobre México},
  year = {2022},
  url = {https://www.amnesty.org/es/location/americas/north-america/mexico/report-mexico/},
  note = {[Online; accessed 12-Nov-2023]}
}

@online{Articulo19-Reporte-2022,
  author = {{Artículo 19}},
  title = {Voces contra la indiferencia: informe anual 2022},
  year = {2022},
  url = {https://articulo19.org/vocescontralaindiferencia/},
  note = {[Online; accessed 12-Nov-2023]}
}

@online{Articulo19-Reporte-2023,
  author = {{Artículo 19}},
  title = {Informe semestral 2023: Violencia contra la prensa, entre ataques, estigmatización y ausencia del Estado},
  year = {2023},
  url = {https://articulo19.org/informe-semestral-2023-violencia-contra-la-prensa-entre-ataques-estigmatizacion-y-ausencia-del-estado/},
  note = {[Online; accessed 12-Nov-2023]}
}

@online{CIMAC-Informe-2022,
  author = {{CIMAC}},
  title = {Informe CIMAC 2022: AMLO y la estigmatización},
  year = {2022},
  url = {https://mx.boell.org/sites/default/files/2023-07/informe_cimac_2022_amlo_estigmatizacion.pdf},
  note = {[Online; accessed 12-Nov-2023]}
}

@online{Internews-Reporte-2023,
  author = {{Internews}},
  title = {Mexico Digital Threat Landscape: Civil Society and Media},
  year = {2023},
  url = {https://internews.org/resource/mexico-digital-threat-landscape-civil-society-media/},
  note = {[Online; accessed 12-Nov-2023]}
}

@misc{VeSinFiltro-Reporte-2023,
  author = {{VE SIN FILTRO}},  
  title = {Sin derechos en \#internetVE 2022-2023},
  year = 2023,
  url = {https://vesinfiltro.com/noticias/2022-2023/},
  note = {[Online; accedido el 12 de Noviembre, 2023]}
}

% https://www.cicig.org/wp-content/uploads/2018/05/Informe_bots_y_netcenters_2019.pdf
% https://sosdigital.internetbolivia.org/


%%%
% General

@misc{xxx,
  title        = {Título del Artículo},
  author       = {Autor del Artículo},
  year         = 2023,
  howpublished = {\url{https://sitio.com/}},
  note         = {[Online; accedido el XX de Mes, 2023]}
}
